@article{cang_screening_2023,
    title = {Screening cell–cell communication in spatial transcriptomics via collective optimal transport},
    volume = {20},
    copyright = {2023 The Author(s)},
    issn = {1548-7105},
    url = {https://www.nature.com/articles/s41592-022-01728-4},
    doi = {10.1038/s41592-022-01728-4},
    language = {en},
    number = {2},
    urldate = {2023-03-30},
    journal = {Nature Methods},
    author = {Cang, Zixuan and Zhao, Yanxiang and Almet, Axel A. and Stabell, Adam and Ramos, Raul and Plikus, Maksim V. and Atwood, Scott X. and Nie, Qing},
    month = feb,
    year = {2023},
    keywords = {Cellular signalling networks, Computational models, Software, Transcriptomics},
    pages = {218--228},
    file = {Cang et al_2023_Nature Methods_Screening cell–cell communication in spatial transcriptomics via collective.pdf:/Users/dawntown/Zotero/storage/BV3Z6VIN/Cang et al_2023_Nature Methods_Screening cell–cell communication in spatial transcriptomics via collective.pdf:application/pdf},
}

@article{example2023,
    title = {Example Paper 2023},
    author = {Author, A. and Writer, B.},
    journal = {Journal of Examples},
    volume = {1},
    number = {1},
    pages = {1--10},
    year = {2023},
    doi = {10.1234/example.2023.1}
}

@article{example2024,
    title = {Another Example Paper},
    author = {Researcher, C. and Scholar, D.},
    journal = {Example Studies},
    volume = {2},
    number = {2},
    pages = {20--30},
    year = {2024},
    doi = {10.1234/example.2024.2}
}

@book{examplebook2023,
    title = {Example Book},
    author = {Author, E.},
    publisher = {Example Publisher},
    address = {City, Country},
    year = {2023},
    isbn = {978-1-234-56789-0}
}

@inproceedings{exampleconf2023,
    title = {Conference Paper Example},
    author = {Presenter, F. and Speaker, G.},
    booktitle = {Proceedings of the Example Conference},
    pages = {100--110},
    year = {2023},
    address = {Conference City, Country}
}

@misc{exampleweb2023,
    title = {Example Website},
    author = {Webmaster, H.},
    year = {2023},
    url = {https://example.com},
    note = {Accessed: 2024-03-20}
}


